@inproceedings{variousCodeClone,
	author = {Gautam, Pratiksha and Saini, Hemraj},
	year = {2016},
	month = {08},
	pages = {655-667},
	title = {Various Code Clone Detection Techniques and Tools: A Comprehensive Survey},
	isbn = {978-981-10-3432-9},
	doi = {10.1007/978-981-10-3433-6_79}
}

@article{cpminer,
	author={Z. {Li} and S. {Lu} and S. {Myagmar} and Y. {Zhou}},
	journal={IEEE Transactions on Software Engineering},
	title={CP-Miner: finding copy-paste and related bugs in large-scale software code},
	year={2006},
	volume={32},
	number={3},
	pages={176-192},
	doi={10.1109/TSE.2006.28},
	ISSN={0098-5589},
	month={March},}

@techreport{chilowicz:hal-00627811,
	TITLE = {{Syntax tree fingerprinting: a foundation for source code similarity detection}},
	AUTHOR = {Chilowicz, Michel and Duris, {\'E}tienne and Roussel, Gilles},
	URL = {https://hal-upec-upem.archives-ouvertes.fr/hal-00627811},
	YEAR = {2009},
	PDF = {https://hal-upec-upem.archives-ouvertes.fr/hal-00627811/file/HAL.pdf},
	HAL_ID = {hal-00627811},
	HAL_VERSION = {v1},
}

@article{ComparisonAndEvaluation,
	title = "Comparison and evaluation of code clone detection techniques and tools: A qualitative approach",
	journal = "Science of Computer Programming",
	volume = "74",
	number = "7",
	pages = "470 - 495",
	year = "2009",
	issn = "0167-6423",
	doi = "https://doi.org/10.1016/j.scico.2009.02.007",
	url = "http://www.sciencedirect.com/science/article/pii/S0167642309000367",
	author = "Chanchal K. Roy and James R. Cordy and Rainer Koschke",
}

@INPROCEEDINGS{ALanguageIndependent,
	author={S. {Ducasse} and M. {Rieger} and S. {Demeyer}},
	booktitle={Proceedings IEEE International Conference on Software Maintenance - 1999 (ICSM'99). 'Software Maintenance for Business Change' (Cat. No.99CB36360)},
	title={A language independent approach for detecting duplicated code},
	year={1999},
	volume={},
	number={},
	pages={109-118},
	doi={10.1109/ICSM.1999.792593},
	ISSN={1063-6773},
	month={Aug},}

@article{dup,
	author = {S. Baker, Brenda},
	year = {2001},
	month = {08},
	pages = {},
	title = {On Finding Duplication and Near-Duplication in Large Software Systems},
	journal = {Reverse Engineering - Working Conference Proceedings}
}

@INPROCEEDINGS{CloneDetectionUsingAST,
	author={I. D. {Baxter} and A. {Yahin} and L. {Moura} and M. {Sant'Anna} and L. {Bier}},
	booktitle={Proceedings. International Conference on Software Maintenance (Cat. No. 98CB36272)},
	title={Clone detection using abstract syntax trees},
	year={1998},
	volume={},
	number={},
	pages={368-377},
	doi={10.1109/ICSM.1998.738528},
	ISSN={1063-6773},
	month={Nov},}

@INPROCEEDINGS{PDG,
	author={J. {Krinke}},
	booktitle={Proceedings Eighth Working Conference on Reverse Engineering},
	title={Identifying similar code with program dependence graphs},
	year={2001},
	volume={},
	number={},
	pages={301-309},
	doi={10.1109/WCRE.2001.957835},
	ISSN={1095-1350},
	month={Oct},}

@ARTICLE{ccfinder,
	author={T. {Kamiya} and S. {Kusumoto} and K. {Inoue}},
	journal={IEEE Transactions on Software Engineering},
	title={CCFinder: a multilinguistic token-based code clone detection system for large scale source code},
	year={2002},
	volume={28},
	number={7},
	pages={654-670},
	doi={10.1109/TSE.2002.1019480},
	ISSN={0098-5589},
	month={July},}

@INPROCEEDINGS{Deckard,
	author={L. {Jiang} and G. {Misherghi} and Z. {Su} and S. {Glondu}},
	booktitle={29th International Conference on Software Engineering (ICSE'07)},
	title={DECKARD: Scalable and Accurate Tree-Based Detection of Code Clones},
	year={2007},
	volume={},
	number={},
	pages={96-105},
	doi={10.1109/ICSE.2007.30},
	ISSN={0270-5257},
	month={May},}

@article{PdgOrigin,
	author = {Ferrante, Jeanne and Ottenstein, Karl J. and Warren, Joe D.},
	title = {The Program Dependence Graph and Its Use in Optimization},
	journal = {ACM Trans. Program. Lang. Syst.},
	issue_date = {July 1987},
	volume = {9},
	number = {3},
	month = jul,
	year = {1987},
	issn = {0164-0925},
	pages = {319--349},
	numpages = {31},
	url = {http://doi.acm.org/10.1145/24039.24041},
	doi = {10.1145/24039.24041},
	acmid = {24041},
	publisher = {ACM},
	address = {New York, NY, USA},
}

@InProceedings{DBLP:conf/ml/FilliatreC06,
  author       = {Jean{-}Christophe Filli{\^{a}}tre and Sylvain
                  Conchon},
  title	       = {Type-safe modular hash-consing},
  year	       = 2006,
  booktitle    = {Proceedings of the {ACM} Workshop on ML, 2006,
                  Portland, Oregon, USA, September 16, 2006},
  pages	       = {12-19},
  doi	       = {10.1145/1159876.1159880},
  url	       = {https://doi.org/10.1145/1159876.1159880},
  crossref     = {DBLP:conf/ml/2006},
  timestamp    = {Tue, 06 Nov 2018 11:07:21 +0100},
  biburl       = {https://dblp.org/rec/bib/conf/ml/FilliatreC06},
  bibsource    = {dblp computer science bibliography,
                  https://dblp.org}
}

@proceedings{DBLP:conf/ml/2006,
  editor    = {Andrew Kennedy and
               Fran{\c{c}}ois Pottier},
  title     = {Proceedings of the {ACM} Workshop on ML, 2006, Portland, Oregon, USA,
               September 16, 2006},
  publisher = {{ACM}},
  year      = {2006},
  isbn      = {1-59593-483-9},
  timestamp = {Tue, 06 Nov 2007 12:58:44 +0100},
  biburl    = {https://dblp.org/rec/bib/conf/ml/2006},
  bibsource = {dblp computer science bibliography, https://dblp.org}
}

